% This file was created with JabRef 2.10b2.
% Encoding: UTF-8


@Article{abbasi2004early,
  Title                    = {Early diagnosis of cutaneous melanoma: revisiting the ABCD criteria},
  Author                   = {Abbasi, Naheed R and Shaw, Helen M and others},
  Journal                  = {Jama},
  Year                     = {2004},
  Number                   = {22},
  Pages                    = {2771--2776},
  Volume                   = {292},

  Publisher                = {American Medical Association}
}

@Article{barata2013two,
  Title                    = {Two Systems for the Detection of Melanomas in Dermoscopy Images Using Texture and Color Features},
  Author                   = {Barata, C. and Ruela, M. and Francisco, M. and Mendon√ßa, T. and Marques, J.S.},
  Journal                  = {IEEE Systems Journal,},
  Year                     = {2014},

  Month                    = {Sept},
  Number                   = {3},
  Pages                    = {965-979},
  Volume                   = {8}
}

@InCollection{barata2014bag,
  Title                    = {A Bag-of-Features Approach for the Classification of Melanomas in Dermoscopy Images: The Role of Color and Texture Descriptors},
  Author                   = {Barata, Catarina and Ruela, Margarida and Mendon{\c{c}}a, Teresa and Marques, Jorge S},
  Booktitle                = {Computer Vision Techniques for the Diagnosis of Skin Cancer},
  Publisher                = {Springer},
  Year                     = {2014},
  Editor                   = {J. Scharcanski and M. Emre},
  Pages                    = {49--69}
}

@InProceedings{batista2003balancing,
  Title                    = {Balancing Training Data for Automated Annotation of Keywords: a Case Study.},
  Author                   = {Batista, Gustavo EAPA and Bazzan, Ana LC and Monard, Maria Carolina},
  Booktitle                = {WOB},
  Year                     = {2003},
  Pages                    = {10--18}
}

@InProceedings{batista2003balancing,
  Title                    = {Balancing Training Data for Automated Annotation of Keywords: a Case Study.},
  Author                   = {Batista, Gustavo EAPA and Bazzan, Ana LC and Monard, Maria Carolina},
  Booktitle                = {WOB},
  Year                     = {2003},
  Pages                    = {10--18}
}

@Article{batista2004study,
  Title                    = {A study of the behavior of several methods for balancing machine learning training data},
  Author                   = {Batista, Gustavo EAPA and Prati, Ronaldo C and Monard, Maria Carolina},
  Journal                  = {ACM Sigkdd Explorations Newsletter},
  Year                     = {2004},
  Number                   = {1},
  Pages                    = {20--29},
  Volume                   = {6},

  Publisher                = {ACM}
}

@Article{breiman2001random,
  Title                    = {Random forests},
  Author                   = {Breiman, Leo},
  Journal                  = {Machine learning},
  Year                     = {2001},
  Number                   = {1},
  Pages                    = {5--32},
  Volume                   = {45},

  Publisher                = {Springer}
}

@Article{celebi2007methodological,
  Title                    = {A methodological approach to the classification of dermoscopy images},
  Author                   = {Celebi, M Emre and Kingravi, Hassan A and others},
  Journal                  = {Computerized Medical Imaging and Graphics},
  Year                     = {2007},
  Number                   = {6},
  Pages                    = {362--373},
  Volume                   = {31},

  Publisher                = {Elsevier}
}

@InCollection{chawla2005data,
  Title                    = {Data mining for imbalanced datasets: An overview},
  Author                   = {Chawla, Nitesh V},
  Booktitle                = {Data mining and knowledge discovery handbook},
  Publisher                = {Springer},
  Year                     = {2005},
  Pages                    = {853--867}
}

@Article{chawla2002smote,
  Title                    = {SMOTE: synthetic minority over-sampling technique},
  Author                   = {Chawla, Nitesh V. and Bowyer, Kevin W. and Hall, Lawrence O. and Kegelmeyer, W. Philip},
  Journal                  = {Journal of artificial intelligence research},
  Year                     = {2002},
  Pages                    = {321--357}
}

@Article{cohen2006learning,
  Title                    = {Learning from imbalanced data in surveillance of nosocomial infection},
  Author                   = {Cohen, Gilles and Hilario, M{\'e}lanie and Sax, Hugo and Hugonnet, St{\'e}phane and Geissbuhler, Antoine},
  Journal                  = {Artificial Intelligence in Medicine},
  Year                     = {2006},
  Number                   = {1},
  Pages                    = {7--18},
  Volume                   = {37},

  Publisher                = {Elsevier}
}

@InProceedings{ezawa1996learning,
  Title                    = {Learning goal oriented Bayesian networks for telecommunications risk management},
  Author                   = {Ezawa, Kazuo J and Singh, Moninder and Norton, Steven W},
  Booktitle                = {ICML},
  Year                     = {1996},
  Pages                    = {139--147}
}

@Article{forsea2012melanoma,
  Title                    = {Melanoma incidence and mortality in Europe: new estimates, persistent disparities},
  Author                   = {Forsea, AM and Del Marmol, V and de Vries, E and Bailey, EE and Geller, AC},
  Journal                  = {British Journal of Dermatology},
  Year                     = {2012},
  Number                   = {5},
  Pages                    = {1124--1130},
  Volume                   = {167},

  Publisher                = {Wiley Online Library}
}

@Article{guo2010completed,
  Title                    = {A completed modeling of local binary pattern operator for texture classification},
  Author                   = {Guo, Zhenhua and Zhang, David},
  Journal                  = {IEEE Transactions on Image Processing},
  Year                     = {2010},
  Number                   = {6},
  Pages                    = {1657--1663},
  Volume                   = {19},

  Publisher                = {IEEE}
}

@Article{he2009learning,
  Title                    = {Learning from imbalanced data},
  Author                   = {He, Haibo and Garcia, Edwardo and others},
  Journal                  = {Knowledge and Data Engineering, IEEE Transactions on},
  Year                     = {2009},
  Number                   = {9},
  Pages                    = {1263--1284},
  Volume                   = {21},

  Publisher                = {IEEE}
}

@InProceedings{kubat1997addressing,
  Title                    = {Addressing the curse of imbalanced training sets: one-sided selection},
  Author                   = {Kubat, Miroslav and Matwin, Stan and others},
  Booktitle                = {ICML},
  Year                     = {1997},
  Organization             = {Nashville, USA},
  Pages                    = {179--186},
  Volume                   = {97}
}

@Book{laurikkala2001improving,
  Title                    = {Improving identification of difficult small classes by balancing class distribution},
  Author                   = {Laurikkala, Jorma},
  Publisher                = {Springer},
  Year                     = {2001}
}

@Book{lavravc1999rule,
  Title                    = {Rule evaluation measures: A unifying view},
  Author                   = {Lavra{\v{c}}, Nada and Flach, Peter and Zupan, Blaz},
  Publisher                = {Springer},
  Year                     = {1999}
}

@Article{liu2003resampling,
  Title                    = {Resampling techniques for sentence boundary detection: a case study in machine learning from imbalanced data for spoken language processing},
  Author                   = {Liu, Y and Chawla, N and Shriberg, E and Stolcke, A and Harper, M},
  Journal                  = {Computer Speech and Language, to appear},
  Year                     = {2003}
}

@InProceedings{mani2003knn,
  Title                    = {kNN approach to unbalanced data distributions: a case study involving information extraction},
  Author                   = {Mani, Inderjeet and Zhang, I},
  Booktitle                = {Proceedings of Workshop on Learning from Imbalanced Datasets},
  Year                     = {2003}
}

@Article{Manjunath96-45,
  Title                    = {Texture features for browsing and retrieval of image data},
  Author                   = {B. S. Manjunath and W.Y. Ma},
  Journal                  = {IEEE Transactions on Pattern Analysis and Machine Intelligence (PAMI - Special issue on Digital Libraries)},
  Year                     = {1996},

  Month                    = {Aug},
  Number                   = {8},
  Pages                    = {837--42},
  Volume                   = {18}
}

@InProceedings{mladenic1999feature,
  Title                    = {Feature selection for unbalanced class distribution and naive bayes},
  Author                   = {Mladenic, Dunja and Grobelnik, Marko},
  Booktitle                = {ICML},
  Year                     = {1999},
  Pages                    = {258--267},
  Volume                   = {99}
}

@Article{ojala2002multiresolution,
  Title                    = {Multiresolution gray-scale and rotation invariant texture classification with local binary patterns},
  Author                   = {Ojala, Timo and Pietik{\"a}inen, Matti and M{\"a}enp{\"a}{\"a}, Topi},
  Journal                  = {Pattern Analysis and Machine Intelligence, IEEE Transactions on},
  Year                     = {2002},
  Number                   = {7},
  Pages                    = {971--987},
  Volume                   = {24},

  Publisher                = {IEEE}
}

@Article{phua2004minority,
  Title                    = {Minority report in fraud detection: classification of skewed data},
  Author                   = {Phua, Clifton and Alahakoon, Damminda and Lee, Vincent},
  Journal                  = {ACM SIGKDD Explorations Newsletter},
  Year                     = {2004},
  Number                   = {1},
  Pages                    = {50--59},
  Volume                   = {6},

  Publisher                = {ACM}
}

@Article{powers2011evaluation,
  Title                    = {Evaluation: from precision, recall and F-measure to ROC, informedness, markedness and correlation},
  Author                   = {Powers, David Martin},
  Year                     = {2011},

  Publisher                = {Bioinfo Publications}
}

@InProceedings{prati2009data,
  Title                    = {Data mining with imbalanced class distributions: concepts and methods.},
  Author                   = {Prati, Ronaldo C and Batista, Gustavo EAPA and Monard, Maria Carolina},
  Booktitle                = {IICAI},
  Year                     = {2009},
  Pages                    = {359--376}
}

@Article{radivojac2004classification,
  Title                    = {Classification and knowledge discovery in protein databases},
  Author                   = {Radivojac, Predrag and Chawla, Nitesh V and Dunker, A Keith and Obradovic, Zoran},
  Journal                  = {Journal of Biomedical Informatics},
  Year                     = {2004},
  Number                   = {4},
  Pages                    = {224--239},
  Volume                   = {37},

  Publisher                = {Elsevier}
}

@Article{rastgoo2015automatic,
  Title                    = {Automatic differentiation of melanoma from dysplastic nevi},
  Author                   = {Rastgoo, Mojdeh and Garcia, Rafael and Morel, Olivier and Marzani, Franck},
  Journal                  = {Computerized Medical Imaging and Graphics},
  Year                     = {2015},
  Pages                    = {44--52},
  Volume                   = {43},

  Publisher                = {Elsevier}
}

@InProceedings{rastgoo2015ensemble,
  Title                    = {Ensemble approach for differentiation of malignant melanoma},
  Author                   = {Rastgoo, Mojdeh and Morel, Olivier and Marzani, Franck and Garcia, Rafael},
  Booktitle                = {The International Conference on Quality Control by Artificial Vision 2015},
  Year                     = {2015},
  Organization             = {International Society for Optics and Photonics},
  Pages                    = {953415--953415}
}

@Other{CancerFactsFigures2014,
  Title                    = {Cancer facts \& figures 2014},
  Author                   = {American Cancer Society},
  Owner                    = {mojdeh},
  Timestamp                = {2014.11.06},
  Url                      = {http://www.cancer.org/research/cancerfactsstatistics/cancerfactsfigures2014},
  Year                     = {2014}
}

@Article{tomek1976two,
  Title                    = {Two modifications of CNN},
  Author                   = {Tomek, Ivan},
  Journal                  = {IEEE Trans. Syst. Man Cybern.},
  Year                     = {1976},
  Pages                    = {769--772},
  Volume                   = {6}
}

@InCollection{van2006coloring,
  Title                    = {Coloring local feature extraction},
  Author                   = {Van De Weijer, Joost and Schmid, Cordelia},
  Booktitle                = {Computer Vision--ECCV 2006},
  Publisher                = {Springer},
  Year                     = {2006},
  Pages                    = {334--348}
}

@Article{wilson1972asymptotic,
  Title                    = {Asymptotic properties of nearest neighbor rules using edited data},
  Author                   = {Wilson, Dennis L},
  Journal                  = {Systems, Man and Cybernetics, IEEE Transactions on},
  Year                     = {1972},
  Number                   = {3},
  Pages                    = {408--421},

  Publisher                = {IEEE}
}


@comment{jabref-meta: selector_publisher:}

@comment{jabref-meta: selector_author:}

@comment{jabref-meta: selector_journal:}

@comment{jabref-meta: selector_keywords:}

