% This file was created with JabRef 2.10b2.
% Encoding: Cp1252


@InProceedings{an2012face,
  Title                    = {Face recognition in multi-camera surveillance videos using dynamic Bayesian network},
  Author                   = {An, Le and Kafai, Mehran and Bhanu, Bir},
  Booktitle                = {Distributed Smart Cameras (ICDSC), 2012 Sixth International Conference on},
  Year                     = {2012},
  Organization             = {IEEE},
  Pages                    = {1--6}
}

@InProceedings{birge2003psot,
  Title                    = {PSOt-a particle swarm optimization toolbox for use with Matlab},
  Author                   = {Birge, Brian},
  Booktitle                = {Swarm Intelligence Symposium, 2003. SIS'03. Proceedings of the 2003 IEEE},
  Year                     = {2003},
  Pages                    = {182--186}
}

@Article{chin1988optimum,
  Title                    = {Optimum watchman routes},
  Author                   = {Chin, Wei-pang and Ntafos, Simeon},
  Journal                  = {Information Processing Letters},
  Year                     = {1988},
  Number                   = {1},
  Pages                    = {39--44},
  Volume                   = {28},

  Publisher                = {Elsevier}
}

@Article{erdem2006automated,
  Title                    = {Automated camera layout to satisfy task-specific and floor plan-specific coverage requirements},
  Author                   = {Erdem, U{\u{g}}ur Murat and Sclaroff, Stan},
  Journal                  = {Computer Vision and Image Understanding},
  Year                     = {2006},
  Number                   = {3},
  Pages                    = {156--169},
  Volume                   = {103},

  Publisher                = {Elsevier}
}

@Article{liu2010optimal,
  Title                    = {Optimal node selection for target localization in wireless camera sensor networks},
  Author                   = {Liu, Liang and Zhang, Xi and Ma, Huadong},
  Journal                  = {Vehicular Technology, IEEE Transactions on},
  Year                     = {2010},
  Number                   = {7},
  Pages                    = {3562--3576},
  Volume                   = {59},

  Publisher                = {IEEE}
}

@InProceedings{ma2012minimum,
  Title                    = {Minimum camera barrier coverage in wireless camera sensor networks},
  Author                   = {Ma, Huan and Yang, Meng and Li, Deying and Hong, Yi and Chen, Wenping},
  Booktitle                = {INFOCOM, 2012 Proceedings IEEE},
  Year                     = {2012},
  Organization             = {IEEE},
  Pages                    = {217--225}
}

@Article{moeininouvelle,
  Title                    = {Une Nouvelle Approche Pour la R{\'e}solution du Probl{\`e}me de la Galerie d'Art},
  Author                   = {Moeini, Mahdi and Kr{\"o}ller, Alexander and Schmidt, Christiane}
}

@InCollection{packer2008computing,
  Title                    = {Computing multiple watchman routes},
  Author                   = {Packer, Eli},
  Booktitle                = {Experimental Algorithms},
  Publisher                = {Springer},
  Year                     = {2008},
  Pages                    = {114--128}
}

@InProceedings{parupati2011collaborative,
  Title                    = {Collaborative acquisition of multi-view face images in real-time using a wireless camera network},
  Author                   = {Parupati, Srikanth and Bakkannagari, Rohith and Sankar, Sriram and Kulathumani, Vinod},
  Booktitle                = {Distributed Smart Cameras (ICDSC), 2011 Fifth ACM/IEEE International Conference on},
  Year                     = {2011},
  Organization             = {IEEE},
  Pages                    = {1--6}
}

@InProceedings{reddy2012camera,
  Title                    = {Camera positioning for global and local coverage optimization},
  Author                   = {Reddy, Kommi Krishna and Conci, Nicola},
  Booktitle                = {Distributed Smart Cameras (ICDSC), 2012 Sixth International Conference on},
  Year                     = {2012},
  Organization             = {IEEE},
  Pages                    = {1--6}
}

@InProceedings{song2008decentralized,
  Title                    = {Decentralized camera network control using game theory},
  Author                   = {Song, Bi and Soto, Cristian and Roy-Chowdhury, Amit K and Farrell, Jay and others},
  Booktitle                = {Distributed Smart Cameras, 2008. ICDSC 2008. Second ACM/IEEE International Conference on},
  Year                     = {2008},
  Organization             = {IEEE},
  Pages                    = {1--8}
}

@InProceedings{wang2013line,
  Title                    = {On-line configuration of large scale surveillance networks using mobile smart camera},
  Author                   = {Wang, Qiang and Wu, Jing and Long, Chengnian},
  Booktitle                = {Distributed Smart Cameras (ICDSC), 2013 Seventh International Conference on},
  Year                     = {2013},
  Organization             = {IEEE},
  Pages                    = {1--6}
}

@Article{zhao2008optimal,
  Title                    = {Optimal camera network configurations for visual tagging},
  Author                   = {Zhao, Jian and Cheung, Sen-Ching and Nguyen, Thinh},
  Journal                  = {Selected Topics in Signal Processing, IEEE Journal of},
  Year                     = {2008},
  Number                   = {4},
  Pages                    = {464--479},
  Volume                   = {2},

  Publisher                = {IEEE}
}

@InProceedings{zhou2011optimal,
  Title                    = {Optimal coverage of camera networks using PSO algorithm},
  Author                   = {Zhou, Pu and Long, Chengnian},
  Booktitle                = {Image and Signal Processing (CISP), 2011 4th International Congress on},
  Year                     = {2011},
  Organization             = {IEEE},
  Pages                    = {2084--2088},
  Volume                   = {4}
}

@Electronic{matlab,
  Title                    = {http://www.mathworks.com/matlabcentral/fileexchange/7506-particle-swarm-optimization-toolbox/content/pso_Trelea_vectorized.m}
}

@Electronic{vrep,
  Title                    = {http://www.coppeliarobotics.com/}
}

